<?xml version="1.0" encoding="UTF-8"?><collection xmlns="http://www.loc.gov/MARC21/slim"><record><leader>00701nam--2200193-i-4500</leader><controlfield tag="001">000017172</controlfield><controlfield tag="002">20161230</controlfield><controlfield tag="005">20161230201032</controlfield><controlfield tag="008">060222s1000------------r-----000-0-eng-d</controlfield><datafield ind1=" " ind2=" " tag="020"><subfield code="a">9810212240</subfield></datafield><datafield ind1=" " ind2=" " tag="040"><subfield code="a">IFIN-HH</subfield></datafield><datafield ind1=" " ind2=" " tag="080"><subfield code="a">539.17.(061.3)</subfield></datafield><datafield ind1="1" ind2=" " tag="100"><subfield code="a">Mehta, M.K. /S.A.</subfield></datafield><datafield ind1="1" ind2="0" tag="245"><subfield code="a">Computation and analysis of nuclear data relevant to nuclear energy and safety</subfield><subfield code="b">Workshop on computation and analysis of nuclear data relevant to nuclear energy and safety 10 february - 13 march 1992 trieste, italy</subfield><subfield code="c">M.k. mehta, j.j. schmidt (eds.)</subfield></datafield><datafield ind1=" " ind2=" " tag="260"><subfield code="a">Singapore</subfield><subfield code="b">World Scientific</subfield><subfield code="c">1993</subfield></datafield><datafield ind1=" " ind2=" " tag="300"><subfield code="a">934 P</subfield></datafield><datafield ind1="1" ind2=" " tag="700"><subfield code="a">Schmidt. J.J</subfield><subfield code="e">Ed</subfield></datafield><datafield ind1=" " ind2=" " tag="852"><subfield code="a">80102</subfield><subfield code="c">539.17</subfield></datafield><datafield ind1=" " ind2=" " tag="CAT"><subfield code="a">Sys</subfield><subfield code="c">20120628</subfield><subfield code="h">132227</subfield></datafield></record></collection>